@patent{p:mecchia02,
  author      = "A. Mecchia and G. Nicollini and C. Pinna",
  title       = "Digital Filter",
  nationality = "United States",
  number      = 6501406,
  dayfiled    = 13,
  monthfiled  = jul,
  yearfiled   = 2001,
  day         = 31,
  month       = dec,
  year        = 2002,
  abstract    = ""
};

@other{mnist_dataset,
  title = {TensorFlow MNIST Dataset and Softmax Regression},
  day = {15},
  month = {May},
  year = {2018},
  url = {https://data-flair.training/blogs/tensorflow-mnist-dataset/},
}

@article{dcgan_topology_image,
  title = {DCGAN tutorial},
  author = {Nathan Inkawhich},
  year = {2017}
}

@article{vanilla_gan_topology_image,
  title = {Vanilla GAN tutorial},
  author = {Nathan Inkawhich},
  year = {2017}
}

@other{tesla_p100,
  title={NVIDIA Tesla P100},
  url={https://www.nvidia.com/en-us/data-center/tesla-p100/}}

@article{DBLP:journals/corr/abs-1710-10196,
  author    = {Tero Karras and
               Timo Aila and
               Samuli Laine and
               Jaakko Lehtinen},
  title     = {Progressive Growing of GANs for Improved Quality, Stability, and Variation},
  journal   = {CoRR},
  volume    = {abs/1710.10196},
  year      = {2017},
  url       = {http://arxiv.org/abs/1710.10196},
  archivePrefix = {arXiv},
  eprint    = {1710.10196},
  timestamp = {Mon, 13 Aug 2018 16:46:42 +0200},
  biburl    = {https://dblp.org/rec/bib/journals/corr/abs-1710-10196},
  bibsource = {dblp computer science bibliography, https://dblp.org}
}

@article{transposed_convolution,
  author={Naoki Shibuya},
  title={Up-sampling with Transposed Convolution},
  url={https://medium.com/activating-robotic-minds/up-sampling-with-transposed-convolution-9ae4f2df52d0}
}

@other{adam_optimizer,
  title = {Gentle Introduction to the Adam Optimization Algorithm for Deep Learning},
  day = {3},
  month = {July},
  year = {2017},
  url = {https://machinelearningmastery.com/adam-optimization-algorithm-for-deep-learning/},
}

% Journal references
%-------------------
@inproceedings{radford_2016,
  author = {Radford, Alec and Metz, Luke and Chintala, Soumith},
  year = {2016},
  month = {11},
  pages = {},
  title = {Unsupervised Representation Learning with Deep
                  Convolutional Generative Adversarial Networks}
}

@article{lecun_1998,
  author={Y. {Lecun} and L. {Bottou} and Y. {Bengio} and P. {Haffner}},
  journal={Proceedings of the IEEE},
  title={Gradient-based learning applied to document recognition},
  year={1998},
  volume={86},
  number={11},
  pages={2278-2324},
  doi={10.1109/5.726791},
  ISSN={0018-9219},
  month={Nov},
};

@incollection{goodfellow_2014,
  title = {Generative Adversarial Nets},
  author = {Goodfellow, Ian and Pouget-Abadie, Jean and Mirza, Mehdi
                  and Xu, Bing and Warde-Farley, David and Ozair,
                  Sherjil and Courville, Aaron and Bengio, Yoshua},
  booktitle = {Advances in Neural Information Processing Systems 27},
  editor = {Z. Ghahramani and M. Welling and C. Cortes and N. D.
                  Lawrence and K. Q. Weinberger},
  pages = {2672--2680},
  year = {2014},
  publisher = {Curran Associates, Inc.},
  url = {http://papers.nips.cc/paper/5423-generative-adversarial-nets.pdf}
}


@article{j:cijvat02,
  author   = "E. Cijvat and S. Tadjpour and A.A. Abidi",
  title    = "Spurious mixing of off-channel signals in a wireless receiver and the choice of {IF}",
  journal  = IEEE_J_CASII,
  volume   = 49,
  number   = 8,
  month    = aug,
  year     = 2002,
  pages    = "539--544",
  abstract = ""
};

@article{j:vaidyanathan90,
  author   = "P. P. Vaidyanathan",
  title    = "Multirate digital filters, filter banks, polyphase networks, and applications: a tutorial",
  journal  = IEEE_J_PROC,
  volume   = 78,
  number   = 1,
  month    = jan,
  year     = 1990,
  pages    = "56--93",
  abstract = ""
};

@article{j:chandrakasan92,
  author   = "A.P. Chandrakasan and S. Sheng and R.W. Brodersen",
  title    = "Low-power {CMOS} digital design",
  journal  = IEEE_J_JSSC,
  volume   = 27,
  number   = 4,
  month    = apr,
  year     = 1992,
  pages    = "473--484",
  abstract = ""
};

@article{j:considine,
  author   = "V. Considine",
  title    = "Digital complex sampling",
  journal  = "{IEE} Electron. Lett.",
  volume   = 19,
  number   = 16,
  month    = aug,
  year     = 1983,
  pages    = "608--609",
  abstract = ""
};

@article{j:polyphase,
  author   = "M. Bellanger and G. Bonnerot and M. Coudreuse",
  title    = "Digital filtering by polyphase network: {A}pplication to sample-rate alteration and filter banks",
  journal  = IEEE_J_ASSP,
  volume   = 24,
  number   = 2,
  month    = apr,
  year     = 1976,
  pages    = "109--114",
  abstract = ""
};




% Conference references
%----------------------

@inproceedings{c:fettweis99,
  author    = "M. Henker and T. Hentschel and G. Fettweis",
  title     = "Time-variant CIC-filters for sample rate conversion with arbitrary rational factors",
  booktitle = "Proc. {IEEE} 6th IEEE Int. Conf. Electronics, Circuits and Systems",
  volume    = 1,
  month     = sep,
  year      = 1999,
  pages     = "67--70",
  abstract  = ""
};

@inproceedings{c:yang96,
  author    = "H.-K. Yang and W. M. Snelgrove",
  title     = "High speed polyphase {CIC} decimation filters",
  booktitle = "Proc. {IEEE} Int. Symp. Circuits Syst.",
  volume    = 2,
  month     = may,
  year      = 1996,
  pages     = "229--232",
  abstract  = ""
};
